@book{BI5Bde1,
    editor      = {Lexikonredaktion des VEB Bibliographisches Institut Leipzig},
    title       = {BI-Universallexikon in 5 Bd.},
    publisher   = {VEB Bibliographisches Institut},
    location    = {Leipzig},
    year        = {1988},
    volume      = {1 A\,--\,Dolu},
    edition     = {2., durchges. Aufl.},
    isbn        = {3-323-00207-3}
} 

@book{BI5Bde2,
    editor      = {Lexikonredaktion des VEB Bibliographisches Institut Leipzig},
    title       = {BI-Universallexikon in 5 Bd.},
    publisher   = {VEB Bibliographisches Institut},
    location    = {Leipzig},
    year        = {1989},
    volume      = {2 Dom\,--\,Inta},
    edition     = {2., durchges. Aufl.},
    isbn        = {3-323-00208-3}
} 

@book{BI5Bde4,
    editor      = {Lexikonredaktion des VEB Bibliographisches Institut Leipzig},
    title       = {BI-Universallexikon in 5 Bd.},
    publisher   = {VEB Bibliographisches Institut},
    location    = {Leipzig},
    year        = {1990},
    volume      = {4 Moto\,--\,Seil},
    edition     = {2., überarb. Aufl.},
    isbn        = {3-323-00210-5}
} 

@book{Bertelsmann,
    editor      = {Lexikon-Institut Bertelsmann},
    title       = {Bertelsmann Universal Lexikon},
    publisher   = {Bertelsmann Lexikon Verlag GmbH},
    location    = {Gütersloh},
    year        = {1993},
    isbn        = {3-570-01558-0}
}

@book{gelbesGeschichts,
    editor      = {Cornelsen Verlag and Volk und Wissen},
    title       = {Kursbuch Geschichte -- Sachsen},
    publisher   = {Cornelsen Verlag/Volk und Wissen},
    location    = {Berlin},
    year        = {2001},
    edition     = {1},
    isbn        = {3-06-111163-8}
}

@book{braunesGeschichts,
    editor      = {Buchners Kolleg Geschichte},
    title       = {Von der Französischen Revolution bis zum
        Nationalsozialismus},
    publisher   = {C.\,C. Buchners Verlag},
    location    = {Bamberg},
    year        = {1992},
    edition     = {1},
    isbn        = {3-7661-4642-4}
}

@online{WikPreusRef,
    editor      = {Wikipedia, Die freie Enzyklopädie},
    title       = {Preußische Reformen},
    year        = {2009},
    url         = {http://de.wikipedia.org/wiki/Preu%DFische_Reformen},
    urldate     = {2009-12-20}
}

@online{WikMauer,
    editor      = {Wikipedia, Die freie Enzyklopädie},
    title       = {Berliner Mauer},
    year        = {2010},
    url         = {http://de.wikipedia.org/w/index.php?title=Berliner_Mauer&oldid=73762152},
    urldate     = {2010-04-30}
}

@online{MacmillanMauer,
  organization  = {Zentrum für Zeithistorische Forschung e.V. and Bundeszentrale für politische Bildung and Deutschlandradio},
  title         = {Chronik der Mauer -- Bau und Fall der Berliner
Mauer},
  subtitle      = {25. August 1961},
  year          = {2010},
  url           =
{http://www.chronik-der-mauer.de/index.php/de/Chronical/Detail/day/25/month/August/year/1961},
  urldate       = {2010-04-30},
}

@online{WikAEG,
    editor      = {Wikipedia, Die freie Enzyklopädie},
    title       = {AEG},
    year        = {2010},
    url         = {http://de.wikipedia.org/wiki/AEG},
    urldate     = {2010-02-12}
}

@online{WikIGFarb,
    editor      = {Wikipedia, Die freie Enzyklopädie},
    title       = {I.\,G.\,Farben},
    year        = {2010},
    url         = {http://de.wikipedia.org/wiki/IG_Farben},
    urldate     = {2010-02-12}
}

@online{WikSchutzz,
    editor      = {Wikipedia, Die freie Enzyklopädie},
    title       = {Schutzzollpolitik},
    year        = {2010},
    url         = {http://de.wikipedia.org/wiki/Schutzzollpolitik},
    urldate     = {2010-02-12}
}

@online{WikZoll,
    editor      = {Wikipedia, Die freie Enzyklopädie},
    title       = {Zoll (Abgabe)},
    year        = {2010},
    url         = {http://de.wikipedia.org/wiki/Zoll_(Abgabe)},
    urldate     = {2010-02-12}
}


@online{WikEisenbahn,
    editor      = {Wikipedia, Die freie Enzyklopädie},
    title       = {Geschichte der Eisenbahn in Deutschland},
    year        = {2010},
    url         = {http://de.wikipedia.org/wiki/Geschichte_der_Eisenbahn_in_Deutschland},
    urldate     = {2010-01-16}
}

@online{WikWannsee,
    editor      = {Wikipedia, Die freie Enzyklopädie},
    title       = {Wannseekonferenz},
    year        = {2010},
    url         = {http://de.wikipedia.org/wiki/Wannseekonferenz},
    urldate     = {2010-01-25}
}

@online{WikChelmno,
    editor      = {Wikipedia, Die freie Enzyklopädie},
    title       = {Vernichtungslager Kulmhof},
    year        = {2010},
    url         = {http://de.wikipedia.org/wiki/Vernichtungslager_Kulmhof},
    urldate     = {2010-01-25}
}

@online{WikMietskas,
    editor      = {Wikipedia, Die freie Enzyklopädie},
    title       = {Mietskaserne},
    year        = {2010},
    url         = {http://de.wikipedia.org/wiki/Mietskaserne},
    urldate     = {2010-01-16}
}

@online{WikChemInd,
    editor      = {Wikipedia, Die freie Enzyklopädie},
    title       = {Chemische Industrie},
    year        = {2010},
    url         = {http://de.wikipedia.org/w/index.php?title=Chemische_Industrie&oldid=71399516},
    urldate     = {2010-03-13}
}

@online{WikFarbst,
    editor      = {Wikipedia, Die freie Enzyklopädie},
    title       = {Farbstoff},
    year        = {2010},
    url         = {http://de.wikipedia.org/w/index.php?title=Farbstoff&oldid=71683864},
    urldate     = {2010-03-13}
}

@online{WikSteikohteer,
    editor      = {Wikipedia, Die freie Enzyklopädie},
    title       = {Steinkohlenteer},
    year        = {2010},
    url         = {http://de.wikipedia.org/w/index.php?title=Steinkohlenteer&oldid=68275124},
    urldate     = {2010-03-13}
}

@online{WikHaBoVerf,
    editor      = {Wikipedia, Die freie Enzyklopädie},
    title       = {Haber-Bosch-Verfahren},
    year        = {2010},
    url         = {http://de.wikipedia.org/w/index.php?title=Haber-Bosch-Verfahren&oldid=71341047},
    urldate     = {2010-03-13}
}

@online{WikStaudi,
    editor      = {Wikipedia, Die freie Enzyklopädie},
    title       = {Hermann Staudinger},
    year        = {2010},
    url         = {http://de.wikipedia.org/w/index.php?title=Hermann_Staudinger&oldid=71057420},
    urldate     = {2010-03-13}
}

@book{BaswiSchuGesch,
    editor      = {Prof. Hans-Joachim Gutjahr},
    maintitle   = {Basiswissen Schule},
    title       = {Geschichte},
    publisher   = {Bibliographisches Institut \& F.\,A.\,Brockhaus AG
        and DUDEN PAETEC GmbH},
    location    = {Mannheim and Berlin},
    year        = {2007},
    edition     = {2., aktual. Aufl.},
    isbn        = {978-3-89818-071-9}
}

@book{HegelGrundl,
    author      = {Georg Wilhelm Friedrich Hegel},
    title       = {Grundlinien der Philosophie des Rechts},
    year        = {1821},
    addendum    = {Par. 243\,--\,245},
}

@book{WeltgeschNeuz,
    editor      = {Lexikonredaktion des Verlages F.{\,}A. Brockhaus in
Zusammenarbeit mit Gernot Dallinger und Hans-Georg Golz{,} bpb},
    title       = {Weltgeschichte der Neuzeit},
    subtitle    = {Vom 18. Jahrhundert bis zur Gegenwart},
    year        = {2005, 2009},
    publisher   = {Bundeszentrale für politische Bildung},
    location    = {Bonn},
    series      = {Schriftenreihe Band},
    number      = {486},
    isbn        = {978-3-89331-965-5},
    addendum    = {Sonderausgabe der F.\,A. Brockhaus GmbH Leipzig, Mannheim 2006}
} 

@book{GeschDrReich,
    author      = {Wolfgang Benz},
    title       = {Geschichte des Dritten Reiches},
    year        = {2008},
    publisher   = {Bundeszentrale für politische Bildung},
    location    = {Bonn},
    series      = {Schriftenreihe Band},
    number      = {377},
    isbn        = {978-3-89331-449-2},
    addendum    = {Lizenzausgabe des Verlags C. H. Beck oHG, München 2000}
} 

@book{DudPolGes,
    editor      = {Fachredaktion des Bibliographischen Instituts},
    redactor    = {Hede Prehl},
    title       = {Schülerduden "`Politik und Gesellschaft"'},
    year        = {1985},
    edition     = {2., überarb. und verb. Aufl.},
    publisher   = {Bibliographisches Institut},
    location    = {Mannheim},
    isbn        = {3-411-02205-1}
}

@online{WiLexEhLohnGes,
    editor      = {Gabler Verlag},
    title       = {Stichwort: ehernes Lohngesetz},
    year        = {2010},
    urldate     = {2010-02-17},
    version     = {2},
    url         = {http://wirtschaftslexikon.gabler.de/Archiv/55414/ehernes-lohngesetz-v2.html}
}

@online{WiLexTaymus,
    editor      = {Gabler Verlag},
    title       = {Stichwort: Taylorismus},
    year        = {2010},
    urldate     = {2010-03-14},
    version     = {6},
    url         = {http://wirtschaftslexikon.gabler.de/Archiv/55478/taylorismus-v6.html}
}

@online{LEMOHiDu,
    editor      = {Stiftung Deutsches Historisches Museum GmbH and Stiftung Haus der Geschichte der Bundesrepublik Deutschland},
    title       = {1818\,--\,33: Hirsch-Dunckersche Gewerkvereine},
    year        = {2010},
    urldate     = {2010-02-17},
    url         = {http://www.dhm.de/lemo/html/weimar/innenpolitik/hirsch-duncker/index.html}
}

@online{LemoWirtsch,
    editor      = {Stiftung Deutsches Historisches Museum GmbH and Stiftung Haus der Geschichte der Bundesrepublik Deutschland},
    title       = {1938\,--\,39: Industrie und Wirtschaft},
    year        = {2010},
    urldate     = {2010-04-25},
    url         = {http://www.dhm.de/lemo/html/nazi/wirtschaft/index.html}
}

@article{MustaGeGe,
    author      = {August Bebel},
    title       = {Musterstatut für die Gewerksgenossenschaften},
    journaltitle = {Demokratisches Wochenblatt},
    date        = {1868-11-28}
}

@misc{ResErfGeKo,
    title       = {Resolution des Erfurter Gewerkschaftskongresses
1872},
    location    = {Erfurt},
    year        = {1872}
}

@article{ResKonfGeVoGo,
    title       = {Aus der Resolution der Konferenz der
Gewerkscahftsvorstände in Gotha 1875},
    journaltitle = {Der Volksstaat},
    date        = {1875-06-06},
}    

@book{DeuzwDemuDikt,
    title       = {Weimarer Republik und nationalsozialistische
Herrschaft},
    series      = {Geschichts-Kurse für die Sekundarstufe II},
    subtitle    = {Deutschland zwischen Demokratie und Diktatur},
    author      = {Dirk Hoffmann and Friedhelm Schütze},
    number      = {Bd. 4},
    year        = {1991},
    edition     = {1. Dr., überarb. Neuaufl.},
    publisher   = {Ferdinand Schöningh},
    location    = {Paderborn},
    isbn        = {3-506-34864-7}
}

@book{VomGeistderGes,
    title       = {Vom Geist der Gesetze},
    author      = {Charles-Louis de Secondat{,} Baron de la Brède et de Montesquieu},
    translator  = {Kurt Weigand},
    foreword    = {Kurt Weigand},
    location    = {Stuttgart},
    year        = {1993}
}

@book{DerGesVertr,
    title       = {Der Gesellschaftsvertrag oder Die Grundsätze des
Staatsrechtes},
    author      = {Jean-Jacques Rousseau},
    translator  = {Hermann Denhardt},
    year        = {1880},
    url         = {http://www.textlog.de/rousseau_vertrag.html},
    urldate     = {2010-03-22},
}

@book{KriegsschFF,
    author      = {Fritz Fischer},
    title       = {Griff nach der Weltmacht},
    subtitle    = {Die Kriegszielpolitik des kaiserlichen Deutschland
1914/18},
    location    = {Düsseldorf},
    publisher   = {Droste},
    edition     = {3},
    year        = {1964},
    pages       = {104},
    addendum    = {Zitiert in \cite[153]{GeschuGesch}},
}

@article{KriegsschMF,
    author      = {Michael Freund},
    title       = {Bethmann Hollweg -- der Hitler des Jahres 1914},
    journaltitle    = {Frankfurter Allgemeine Zeitung},
    date        = {1964-03-28},
}

@article{BedEinsber,
  author        = {Conrad Ahlers},
  title         = {Bedingt abwehrbereit},
  journaltitle  = {DER SPIEGEL},
  date          = {1962-10-10},
  url           =
{http://www.spiegel.de/spiegel/print/d-25673830.html},
  urldate       = {2010-05-04},
  number        = {41/1962},
  series        = {Heft},
}

@article{AnMeinVolk,
    author      = {Friedrich Wilhelm \Rm{3}},
    title       = {An Mein Volk},
    journaltitle    = {Schlesische Priviligirte Zeitung},
    number      = {34},
    series      = {Nr.},
    date        = {1813-03-12},
    pages       = {S. 1\,f.},
    addendum    = {Zitiert in \cite[87]{braunesGeschichts}},
}

@book{GeschuGesch,
    author      = {Dietmar Apel and Daniela Bender and andere},
    title       = {Geschichte und Geschehen},
    subtitle    = {Sachsen},
    location    = {Stuttgart},
    year        = {2009},
}

@book{GrundsBursch,
    title       = {Quellen und Darstellungen zur Geschichte der
Burschenschaft und der deutschen Einheitsbewegung},
    editor      = {Herman Haupt},
    volume      = {4},
    location    = {Heidelberg},
    year        = {1913},
    pages       = {119\,ff.},
    addendum    = {Zitiert in \cite[107\,f.]{braunesGeschichts}},
}

@incollection{KoernerAufr,
    booktitle   = {Theodor Körner: Werke},
    title       = {Aufruf},
    author      = {Theodor Körner},
    editor      = {Hans Zimmer},
    location    = {Leipzig und Wien},
    year        = {1893},
    pages       = {88\,--\,90},
    url         = {http://www.zeno.org/Literatur/M/K%F6rner,+Theodor/Gedichte/Leier+und+Schwert/Aufruf},
    urldate     = {2010-03-31},
}    

@incollection{HerweghAufr,
    editor      = {Hermann Tardel},
    booktitle   = {Herweghs Werke in drei Teilen},
    title       = {Aufruf},
    author      = {Georg Herwegh},
    volume      = {1},
    location    = {Berlin{,} Leipzig{,} Wien{,} Stuttgart},
    year        = {1909},
    pages       = {38\,--\,39},
    url         = {http://www.zeno.org/Literatur/M/Herwegh,+Georg/Gedichte/Lieder+eines+Lebendigen/Erster+Teil/Aufruf},
    urldate     = {2010-03-31},
}

@incollection{HeineWeber,
    title       = {Die Weber},
    author      = {Heinrich Heine},
    editor      = {Karl Heinz Berger and Walter Püschel},
    booktitle   = {Deutsche Balladen},
    booksubtitle    = {Von Bürger bis Brecht},
    publisher   = {Verlag Neues Leben},
    location    = {Berlin},
    year        = {1956},
    edition     = {1},
    pages       = {396},
}

@book{HeineBursch,
    title       = {Heinrich Heine's Sämmtliche Werke},
    editor      = {Godfried Becker},
    volume      = {6},
    publisher   = {Schäfer und Koradi},
    location    = {Philadelphia},
    year        = {1867},
    pages       = {522\,f.},
}

@book{OffenbProg,
    title       = {Die Forderungen des Volkes},
    location    = {Offenburg},
    date        = {1847-09-12},
    url         = {http://plone.schule-bw.de/unterricht/faecheruebergreifende_themen/landeskunde/modelle/epochen/neuzeit/revolution48/einordnung.htm},
    urldate     = {2010-03-31},
    addendum    = {Zitiert in \cite[113\,f.]{braunesGeschichts} und auch in \cite[323\,--\,326]{DeutVerfDok}},
}

@article{HeppProg,
    title       = {Die Liberalen: Das Heppenheimer Programm der
südwestdeutschen Liberalen},
    location    = {Heidelberg},
    journaltitle    = {Deutsche Zeitung},
    date        = {1847-10-15},
    url         = {http://germanhistorydocs.ghi-dc.org/docpage.cfm?docpage_id=429},
    urldate     = {2010-03-31},
    addendum    = {Zitiert in \cite[113\,f.]{braunesGeschichts},
\cite{DeutPartProg} und auch in \cite[323\,--\,326]{DeutVerfDok}},
}

@collection{DeutPartProg,
    title       = {Die deutschen Parteiprogramme},
    editor      = {Felix Salomon},
    year        = {1932},
    volume      = {Heft 1},
    edition     = {4},
    pages       = {69\,ff.},
}

@collection{DeutVerfDok,
    maintitle   = {Dokumente zur deutschen Verfassungsgeschichte},
    title       = {Deutsche Verfassungsdokumente 1803-1850},
    editor      = {Ernst Rudolf Huber},
    publisher   = {W. Kohlhammer},
    year        = {1978},
    volume      = {1},
    location    = {Stuttgart},
    edition     = {3. neubearb. u. verm. Aufl.},
    pages       = {},
} 

@incollection{ZehnArt,
    maintitle   = {Protokolle der deutschen Bundesversammlung 1832},
    maintitleaddon  = {24. Sitzung},
    title       = {Die Zehn Artikel},
    date        = {1832-07-05},
    url         =
{http://germanhistorydocs.ghi-dc.org/sub_document.cfm?document_id=236},
    urldate     = {2010-04-01},
    addendum    = {Zitiert in \cite[134\,f.]{DeutVerfDok}},
}        

@book{ProlMaen,
    title       = {Männer aus dem Proletariat},
    author      = {Georg Weerth},
    year        = {1848},
    url         =
{http://www.jpmarat.de/deutsch/1848/flugblatt2.html},
    urldate     = {2010-04-06},
    addendum    = {Die Seite \url{http://www.fotoknoten.de/philosophie/gesamt/werk/m/w__.html} weist das Flugblatt als Werk Weerths aus.},
}

@book{PfauWiegenl,
    title       = {Badisches Wiegenlied},
    author      = {Ludwig Pfau},
    year        = {1849},
    url         =
{http://ka.stadtwiki.net/index.php?title=Badisches_Wiegenlied&oldid=327909},
    urldate     = {2010-04-06},
}

@incollection{StresWil,
    title       = {Brief an den ehemaligen Kronprinzen Wilhelm vom
7.\,9.\,1925},
    author      = {Gustav Stresemann},
    editor      = {Herbert Michaelis and Ernst Schraepler},
    maintitle   = {Ursachen und Folgen},
    mainsubtitle    = {Vom deutschen Zusammenbruch 1918 und 1945 bis
zur staatlichen Neuordnung Deutschlands in der Gegenwart},
    volume      = {6},
    booktitle   = {Die Weimarer Republik: Die Wende der
Nachkriegspolitik 1924\,--\,1928},
    booksubtitle    = {Rapallo -- Dawesplan -- Genf},
    location    = {Berlin},
    year        = {1961},
    pages       = {487\,ff.},
    publisher   = {Dokumenten-Verlag Wendler},
    addendum    = {Zitiert in \cite[346\,f.]{braunesGeschichts}},
}

@incollection{ProgNSDAP,
    title       = {Programm der Nationalsozialistischen Deutschen
Arbeiterpartei},
    booktitle   = {Der Nationalsozialismus},
    editor      = {Walther Hofer},
    location    = {Frankfurt/Main},
    year        = {1957},
    pages       = {S. 28\,ff.},
    addendum    = {Zitiert in \cite[390\,f.]{braunesGeschichts}},
}

@incollection{HitlRedRwfueh,
    title       = {Stichwortprotokoll der Rede Hitlers vor der
Reichswehrführung in Berlin am 3. Februar 1933},
    booktitle   = {Der Nationalsozialismus},
    editor      = {Walther Hofer},
    location    = {Frankfurt/Main},
    year        = {1957},
    pages       = {S. 180\,f.},
    addendum    = {Zitiert in \cite[438\,f.]{braunesGeschichts}},
}

@incollection{HitlRegErklFrie,
    title       = {Regierungserklärung Hitlers vor dem Reichstag am
17. Mai 1933},
    booktitle   = {Weltkriege und Revolutionen 1914\,--\,1945},
    volume      = {5},
    maintitle   = {Geschichte in Quellen},
    redactor    = {Günter Schönbrunn},
    location    = {München},
    year        = {1961},
    pages       = {S. 348\,f.},
    addendum    = {Zitiert in \cite[438\,f.]{braunesGeschichts}},
}

@online{WikStud,
    editor      = {Wikipedia},
    title       = {Deutsche Studentenbewegung der 1960er-Jahre},
    year        = {2010},
    url         = {http://de.wikipedia.org/wiki/Deutsche_Studentenbewegung_der_1960er-Jahre},
    urldate     = {2010-02-09}
}

@online{SpiegChronik,
    author      = {Katrin Elger and Jan Friedmann},
    title       = {Die 68er: Chronik einer Rebellion},
    date        = {2008-04-11},
    url         = {http://www.spiegel.de/unispiegel/studium/0,1518,536794,00.html},
    urldate     = {2010-02-09}
}

@book{GeschPolGes,
    editor      = {Berthold Wiegand},
    publisher   = {Cornelsen},
    year        = {1993},
    edition     = {1},
    title       = {Geschichte Politik und Gesellschaft 2},
    subtitle    = {Die Großmächte; Internationale Beziehungen;
Deutschland nach 1945}
}

@online{BpbStammProz,
  editor        = {Bundeszentrale für politische Bildung},
  title         = {Der Prozess von Stammheim},
  author        = {Uwe Wesel},
  year          = {2007},
  url           =
{http://www.bpb.de/themen/N7C5QP,0,Der_Prozess_von_Stammheim.html},
  urldate       = {2010-05-05},
}
eigentliche Quelle fehlt

@online{BpbAusnZust,
  editor        = {Bundeszentrale für politische Bildung},
  title         = {Der nicht erklärte Ausnahmezustand},
  subtitle      = {Staatliches Handeln während des so genannten
Deutschen Herbstes},
  author        = {Wolfgang Kraushaar},
  year          = {2007},
  url           =
{http://www.bpb.de/themen/0BGF88,0,0,Der_nicht_erkl%E4rte_Ausnahmezustand.html},
  urldate       = {2010-05-05},
}
eigentliche Quelle fehlt
  

Informationen zur politischen Bildung
-------------------------------------

@article{WidDefschwieBeg,
    title       = {Widerstand: zur Definition eines schwierigen
Begriffs},
    journaltitle = {Informationen zur politischen Bildung},
    issuetitle  = {Deutscher Widerstand 1933\,--\,1945},
    series      = {Heft},
    number      = {243},
    year        = {2004 (Neudruck)},
    author      = {Wolfgang Benz},
    publisher   = {Bundeszentrale für politische Bildung},
    location    = {Bonn},
    pages       = {8}
}

@periodical{19Jh1,
    issuetitle  = {Das 19. Jahrhundert 1},
    title       = {Informationen zur politischen Bildung},
    series      = {Heft},
    number      = {163},
    year        = {2000 (Neudruck)},
    author      = {Prof. Dr. Joachim Rohlfes},
    editor      = {Bundeszentrale für politische Bildung},
    location    = {Bonn},
    redactor    = {Horst Pötzsch and andere},
}
    
@periodical{IzpBWeimRep,
    issuetitle  = {Weimarer Republik},
    title       = {Informationen zur politischen Bildung},
    series      = {Heft},
    number      = {261},
    year        = {überarb. Neufl. 2003},
    author      = {Reinhard Sturm},
    editor      = {Bundeszentrale für politische Bildung},
    location    = {Bonn},
    redactor    = {Elke Diehl and Jürgen Faulenbach (verantwortlich{,}
bpb) and Christine Hesse and Jutta Klaeren},
    foreword    = {Jürgen Faulenbach},
    issn        = {0046-9408},
}

@article{Dtl50erJ,
    title       = {Aufbau eines sozialistischen Staates},
    journaltitle = {Informationen zur politischen Bildung},
    issuetitle  = {Deutschland in den fünfziger Jahren},
    series      = {Heft},
    number      = {256},
    year        = {2003 (Neudruck)},
    author      = {Christoph Kleßmann},
    publisher   = {Bundeszentrale für politische Bildung},
    redactor    = {Elke Diehl and Jürgen Faulenbach (verantwortlich{,}
bpb) and Christine Hesse and Stefan Hammes (Volontär)},
    location    = {Bonn},
    pages       = {24\,--\,31},
    issn        = {0046-9408},
}
    foreword    = {Jürgen Faulenbach},

@periodical{IzpBZeitWand,
    issuetitle  = {Zeiten des Wandels},
    issuesubtitle = {Deutschland 1961\,--1971},
    title       = {Informationen zur politischen Bildung},
    series      = {Heft},
    number      = {258},
    year        = {1. Quartal 1998},
    author      = {Peter Borowsky},
    editor      = {Bundeszentrale für politische Bildung},
    location    = {Bonn},
    redactor    = {Elke Diehl and Jürgen Faulenbach (verantwortlich{,}
bpb) and Christine Hesse},
    foreword    = {Jürgen Faulenbach},
    issn        = {0046-9408},
}

@article{Dtl70er80er},
    title       = {Innere Entwicklung der Bundesrepublik bis 1989},
    issuetitle  = {Deutschland in den 70er/80er Jahren},
    journaltitle = {Informationen zur politischen Bildung},
    series      = {Heft},
    number      = {270},
    year        = {1. Quartal 2001},
    author      = {Axel Schildt},
    publisher   = {Bundeszentrale für politische Bildung},
    redactor    = {Elke Diehl and Jürgen Faulenbach (verantwortlich{,}
bpb) and Christine Hesse},
    location    = {Bonn},
    pages       = {4\,--\,14},
    issn        = {0046-9408},
}

@periodical{IzpBNatsoz2,
  issuetitle    = {Nationalsozialismus II},
  issuesubtitle = {Führerstaat und Vernichtungskrieg},
  title         = {Informationen zur politischen Bildung},
  series        = {Heft},
  number        = {266},
  year          = {Neudruck 2004},
  author        = {Hans-Ulrich Thamer},
  editor        = {Bundeszentrale für politische Bildung},
  location      = {Bonn},
  redactor      = {Elke Diehl and Jürgen Faulenbach (verantwortlich{,}
bpb) and Christine Hesse and Astrid Irrgang (Volontärin)},
  foreword      = {Jürgen Faulenbach},
  afterword     = {Hans-Joachim Kraschewski},
  issn          = {0046-9408},
}
